<record><leader>00000cas a2200000 a 4500</leader><controlfield tag="001">18076021</controlfield><controlfield tag="008">880613d189u1946nyuwr ne      0    0eng c</controlfield><datafield ind1=" " ind2=" " tag="010"><subfield code="a">sn 88074494 </subfield></datafield><datafield ind1=" " ind2=" " tag="040"><subfield code="a">NYS</subfield><subfield code="b">eng</subfield><subfield code="c">NYS</subfield><subfield code="d">OCLCQ</subfield><subfield code="d">OCLCF</subfield><subfield code="d">OCLCO</subfield></datafield><datafield ind1=" " ind2=" " tag="042"><subfield code="a">pcc</subfield></datafield><datafield ind1=" " ind2=" " tag="043"><subfield code="a">n-us-ny</subfield></datafield><datafield ind1="0" ind2=" " tag="130"><subfield code="a">Phoenix (Richmondville, N.Y.)</subfield></datafield><datafield ind1="1" ind2="4" tag="245"><subfield code="a">The phoenix.</subfield></datafield><datafield ind1=" " ind2=" " tag="260"><subfield code="a">Richmondville, N.Y. :</subfield><subfield code="b">S.G. Shafer,</subfield><subfield code="c">-1946.</subfield></datafield><datafield ind1=" " ind2=" " tag="300"><subfield code="a">v.</subfield></datafield><datafield ind1=" " ind2=" " tag="310"><subfield code="a">Weekly</subfield></datafield><datafield ind1="0" ind2=" " tag="362"><subfield code="a">-v. 67, no. 32 (Apr. 10, 1946).</subfield></datafield><datafield ind1=" " ind2=" " tag="500"><subfield code="a">Publishers: S.G. Shafer, &lt;1891-1908&gt;; Charles Bernstein, &lt;1933&gt;-1943; Albert C. Warner, 1943-1946.</subfield></datafield><datafield ind1=" " ind2=" " tag="588"><subfield code="a">Description based on: Vol. 12, no. 35 (May 20, 1891).</subfield></datafield><datafield ind1=" " ind2="0" tag="651"><subfield code="a">Richmondville (N.Y.)</subfield><subfield code="v">Newspapers.</subfield></datafield><datafield ind1=" " ind2="0" tag="651"><subfield code="a">Schoharie County (N.Y.)</subfield><subfield code="v">Newspapers.</subfield></datafield><datafield ind1=" " ind2="7" tag="655"><subfield code="a">Newspapers.</subfield><subfield code="2">fast</subfield><subfield code="0">(OCoLC)fst01423814</subfield></datafield><datafield ind1=" " ind2="7" tag="651"><subfield code="a">New York (State)</subfield><subfield code="z">Richmondville.</subfield><subfield code="2">fast</subfield><subfield code="0">(OCoLC)fst01210585</subfield></datafield><datafield ind1=" " ind2="7" tag="651"><subfield code="a">New York (State)</subfield><subfield code="z">Schoharie County.</subfield><subfield code="2">fast</subfield><subfield code="0">(OCoLC)fst01211828</subfield></datafield><datafield ind1=" " ind2=" " tag="752"><subfield code="a">United States</subfield><subfield code="b">New York</subfield><subfield code="c">Schoharie</subfield><subfield code="d">Richmondville.</subfield></datafield><datafield ind1="0" ind2="0" tag="780"><subfield code="t">Weekly phoenix (Richmondville, N.Y.)</subfield><subfield code="w">(DLC)sn 84035795</subfield><subfield code="w">(OCoLC)11315413</subfield></datafield><datafield ind1="0" ind2="0" tag="785"><subfield code="t">Richmondville phoenix</subfield><subfield code="w">(DLC)sn 88074576</subfield><subfield code="w">(OCoLC)18187107</subfield></datafield></record>